@book{Mackay,
  author = {Mackay, David J C},                  
  title={Information Theory , Inference And Learning Algorithms},
  isbn={9780521670517},
  url = {http://www.inference.phy.cam.ac.uk/mackay/itila/},
  year={2005},
  publisher={Cambridge University Press}
}

@misc{Olah,
  author = {Olah, Christopher},
  title = {Understanding Convolutions},
  year = {2014},                  
  url = {http://colah.github.io/posts/2014-07-Understanding-Convolutions/},
  note = {Acessado: 18/07/2016}
}                  

@article{Krizhevsky,
  author = {Krizhevsky, Alex and Sutskever, Ilya and Hinton, Geoffrey E},
  title = {{ImageNet Classification with Deep Convolutional Neural Networks}},
  url = {https://papers.nips.cc/paper/4824-imagenet-classification-with-deep-convolutional-neural-networks.pdf},
  note = {Acessado: 21/10/2016}

}

@article{Goodfellow,
  archivePrefix = {arXiv},
  arxivId = {1312.6082v4},
  author = {Goodfellow, Ian J and Bulatov, Yaroslav and Ibarz, Julian and Arnoud, Sacha and Shet, Vinay},
  eprint = {1312.6082v4},
  title = {{Multi-digit Number Recognition from Street View Imagery using Deep Convolutional Neural Networks}},
  url = {http://arxiv.org/pdf/1312.6082v4.pdf}
}

@article{Jaderberg,
  archivePrefix = {arXiv},
  arxivId = {1406.2227v4},
  author = {Jaderberg, Max and Simonyan, Karen and Vedaldi, Andrea and Zisserman, Andrew},
  eprint = {1406.2227v4},
  title = {{Synthetic Data and Artificial Neural Networks for Natural Scene Text Recognition}},
  url = {http://arxiv.org/pdf/1406.2227v4.pdf}
}

@misc{GPUinstance,
  author = {AWS},
  title = {{EC2 Instance Types – Amazon Web Services (AWS)}},
  url = {https://aws.amazon.com/ec2/instance-types/{\#}gpu},
  note = {Acessado: 02/08/2016}  
}

@misc{TensorFlow,
  author = {TensorFlow},
  title = {{TensorFlow — an Open Source Software Library for Machine Intelligence}},
  url = {https://www.tensorflow.org/},
  note = {Acessado: 03/08/2016}
}

@misc{Karpathy,
  author = {Karpathy, Andrej},
  title = {{CS231n Convolutional Neural Networks for Visual Recognition}},
  url = {http://cs231n.github.io/convolutional-networks/},
  note = {Acessado: 06/08/2016}
}

@article{LeCun,
  author = {LeCun, Yann and Bengio, Yoshua and Hinton, Geoffrey},
  doi = {10.1038/nature14539},
  title = {{Deep learning}},
  url = {https://www.cs.toronto.edu/~hinton/absps/NatureDeepReview.pdf}
}

@unpublished{Goodfellow-et-al-2016-Book,
    title={Deep Learning},
    author={Ian Goodfellow Yoshua Bengio and Aaron Courville},
    note={Book in preparation for MIT Press},
    url={http://www.deeplearningbook.org},
    year={2016}
}

@article{Arel2010,
  author = {Arel, Itamar and Rose, Derek C and Karnowski, Thomas P},
  doi = {10.1109/MCI.2010.938364},
  title = {{Deep Machine Learning—A New Frontier in Artificial Intelligence Research}},
  url = {http://web.eecs.utk.edu/{~}itamar/Papers/DML{\_}Arel{\_}2010.pdf},
  year = {2010}
}

@article{Dumoulin2016,
  archivePrefix = {arXiv},
  arxivId = {arXiv:1603.07285v1},
  author = {Dumoulin, Vincent and Visin, Francesco and Box, George E P},
  eprint = {arXiv:1603.07285v1},
  title = {{A guide to convolution arithmetic for deep learning}},
  year = {2016}
}
                  
@article{Kingma,
  archivePrefix = {arXiv},
  arxivId = {arXiv:1412.6980v8},
  author = {Kingma, Diederik P and Ba, Jimmy Lei},
  eprint = {arXiv:1412.6980v8},
  title = {{ADAM: A METHOD FOR STOCHASTIC OPTIMIZATION}},
  year = {2015}  
}

@article{Zeiler,
  author = {Zeiler, Matthew D},
  archivePrefix = {arXiv},
  arxivId = {arXiv:1212.5701v1},
  eprint = {arXiv:1212.5701v1},  
  keywords = {Gradient Descent,Index Terms— Adaptive Learning Rates,Machine Learn-ing,Neural Networks},
  title = {{ADADELTA: AN ADAPTIVE LEARNING RATE METHOD}}
}

@misc{NumPy,
  author = {NumPy},
  title = {{NumPy is the fundamental package for scientific computing with Python.}},
  url = {http://www.numpy.org/},
  note = {Acessado: 20/10/2016}
}

@misc{OpenCV,
  author = {OpenCV},
  title = {{OpenCV (Open Source Computer Vision Library) is an open source computer vision and machine learning software library.}},
  url = {http://opencv.org/},
  note = {Acessado: 20/10/2016}
}

@misc{tensorCode,
  author = {TensorFlow and Community},
  title = {tensorflow},
  url = {https://github.com/tensorflow/tensorflow/tree/master/tensorflow/examples/tutorials/},
  note = {Acessado: 20/10/2016}
}

@misc{mnist,
  author = {LeCun, Yann and Cortes, Corinna and Burges, Christopher J.C.},
  title = {MNIST database},
  url = {http://yann.lecun.com/exdb/mnist/},
  note = {Acessado: 20/10/2016}
}

@article{Glorot,
  author = {Glorot, Xavier and Bengio, Yoshua},
  title = {{Understanding the difficulty of training deep feedforward neural networks}},
  url = {http://jmlr.org/proceedings/papers/v9/glorot10a/glorot10a.pdf},
  note = {Acessado: 21/10/2016}
}

